

@IEEEtranBSTCTL{IEEEexample:BSTcontrol,
	CTLuse_article_number    = "yes",
	CTLuse_paper             = "yes",
	CTLuse_url               = "yes",
	CTLuse_forced_etal       = "no",
	CTLmax_names_forced_etal = "10",
	CTLnames_show_etal       = "3",
	CTLuse_alt_spacing       = "yes",
	CTLalt_stretch_factor    = "4",
	CTLdash_repeated_names   = "yes",
	CTLname_format_string    = "{ff~}{vv~}{ll}{, jj}",
	CTLname_latex_cmd        = " ",
	CTLname_url_prefix       = "[En l{\'\i}nea]. Disponible:"
}

%   "{f. ?}{vv~?}{ll}{,jj}"   (como originalmente estaba)
% "{ff~}{vv~}{ll}{, jj}"   (a lo que se corrigi�)
% "{vv~}{ll}{, f.}{, jj}"   (opci�n a�n no probada)

@Book{ieee,
author = {Demasi,J.},
year = {2011},
title = {Formato IEEE. Estilo y Referencias Bibliogr\'aficas},
publisher = {El Instituto de Ingenier\'ia El\'ectrica (IIE), Facultad de Ingenier\'ia, Universidad de la Rep\'ublica},
note = {\url{http://iie.fing.edu.uy/institucional/biblioteca/presentaciones/Citas-IEEE-2011.pdf}},
}

@Book{knuth,
author = {J. J. O'Connor and E. F. Robertson},
year = {2009},
title = {\textit{Donald Ervin Knuth}},
publisher = {School of Mathematics and Statistics. University of St Andrews, Scotland},
url = {http://www-history.mcs.st-andrews.ac.uk/Biographies/Knuth.html}
}

@Book{lamport,
year = {2008},
title = {LaTeX3 project team personnel, An introduction to \LaTeX},
publisher = {\LaTeX \space project site},
url = {http://latex-project.org/intro.html}
}

@Book{sampieri,
author = {Roberto Hern\'andez and C. Fern\'andez and M. P. Baptista},
year = {2010},
title = {Metodolog\'ia de la investigaci\'on},
publisher = {M\'exico D.F.: McGraw-Hill},
edition = {5}
}

@article{condorena2017desarrollo,
  title={Desarrollo de un sistema de control de inventario, para la gesti{\'o}n de compras de materia prima en el rubro de restaurantes},
  author={Condorena Rond{\'o}n, V{\'\i}ctor Marcial},
  year={2017},
  publisher={Universidad Tecnol{\'o}gica del Per{\'u}}
}

@book{arias2013introduccion,
  title={Introducci{\'o}n a PHP},
  author={Arias, Miguel A},
  year={2013},
  publisher={IT Campus Academy},
  note ={Obtenido el 6 de mayo de 2023 de },
  url={https://scholar.google.es/scholar?hl=es&as_sdt=0%2C5q=Introducci%C2%B4on+a+PHP&btnG=}
}

@article{pacheco2015rediseno,
  title={Redise{\~n}o del proceso de abastecimiento en el {\'a}rea de compras en dos empresas dedicadas al equipamiento gastron{\'o}mico},
  author={Pacheco Allende, Nicole},
  year={2015},
  publisher={Universidad de Chile}
}

@article{sanchez2018sistemas,
  title={Sistemas inteligentes y Colaborativos de Administraci{\'o}n Global: Caso de estudio; Establecimiento Gastron{\'o}mico},
  author={S{\'a}nchez, Gabriel Vinicio Moreano and Bravo, V{\'\i}ctor Hugo Ben{\'\i}tez and Albarrac{\'\i}n, Wilmer and Bravo, {\'A}lvaro Gabriel Ben{\'\i}tez},
  journal={revistapuce},
  year={2018}
}
@article{afanador2022diseno,
  title={Dise{\~n}o de un modelo de pron{\'o}stico de demanda basado en machine learning y un modelo multi-objetivo para planeaci{\'o}n de la producci{\'o}n en una industria panificadora},
  author={Afanador Jim{\'e}nez, Mar{\'\i}a and Casadiegos Chaparro, Silvia Juliana and Campo Maichel, Isabella and Casallas Estrella, Juan Sebasti{\'a}n and others},
  year={2022},
  publisher={Pontificia Universidad Javeriana}
}

@article{mahesh2020machine,
  title={Machine learning algorithms-a review},
  author={Mahesh, Batta},
  journal={International Journal of Science and Research (IJSR). [Internet]},
  volume={9},
  number={1},
  pages={381--386},
  year={2020},
  url={https://scholar.google.es/scholar?hl=es&as_sdt=0%2C5&q=+machine+learning&btnG=}
}
@online{ibm,
  author       = {I.B.M. Staff(es)},
  title        = {Machine learning},
  year         = {2017},
  url          = {https://www.ibm.com/mx-es/analytics/machine-learning},
  urldate      = {2023-08-27},
}

@book{kendall2005analisis,
  title={An{\'a}lisis y dise{\~n}o de sistemas},
  author={Kendall, Kenneth E and Kendall, Julie E},
  year={2005},
  publisher={Pearson educaci{\'o}n},
  note = {Obtenido el 20 de mayo de 2023 de},
  url= {https://scholar.google.es/scholar?hl=es&as_sdt=0%2C5&q=K.+E.+Kendall+y+J.+E.+Kendall%2C+An%C2%B4alisis+y+dise%CB%9Cno+de+sistemas.+Pearson+educaci%C2%B4on%2C+2005&btnG=}
 
}
@article{python2021python,
  title={Python},
  author={Python, Why},
  journal={Python Releases for Windows},
  volume={24},
  year={2021},
  publisher={Citeseer},
  url={https://scholar.google.es/scholar?hl=es&as_sdt=0%2C5&q=Python+&btnG=}
}

@book{cobo2005php,
  title={PHP y MySQL: Tecnolog{\'\i}a para el desarrollo de aplicaciones web.},
  author={Cobo, {\'A}ngel},
  year={2005},
  publisher={Ediciones D{\'\i}az de Santos}
}
@book{goodfellow2016deep,
  title={Deep learning},
  author={Goodfellow, Ian and Bengio, Yoshua and Courville, Aaron},
  year={2016},
  publisher={MIT press}
}
@article{saura2018analisis,
  title={Un An{\'a}lisis de Sentimiento en Twitter con Machine Learning: Identificando el sentimiento sobre las ofertas de\# BlackFriday},
  author={SAURA, Jose R and Reyes-Men{\'e}ndez, Ana and PALOS-SANCHEZ, Pedro},
  journal={Revista Espacios},
  volume={39},
  number={42},
  year={2018}
}
@article{hincapie2021prediccion,
  title={Predicci{\'o}n de la Demanda Usando Modelos de Machine Learning},
  author={Hincapi{\'e} Herrera, Edwar Andr{\'e}s},
  year={2021},
  publisher={Medell{\'\i}n, Colombia}
}
@online{decide,
  url = {https://decidesoluciones.es/modelo-de-prediccion-de-demanda-aplicacion-y-beneficios/},
  urldate = {2023-10-05},
}
@book{lopez2008redes,
  title={Las redes neuronales artificiales},
  author={L{\'o}pez, Raquel Fl{\'o}rez and Fern{\'a}ndez, Jos{\'e} Miguel Fern{\'a}ndez},
  year={2008},
  publisher={Netbiblo}
}
@article{olabe1998redes,
  title={Redes neuronales artificiales y sus aplicaciones},
  author={Olabe, Xabier Basogain},
  journal={Publicaciones de la Escuela de Ingenieros},
  year={1998}
}
@article{acevedo2017principios,
  title={Principios y caracter{\'\i}sticas de las redes neuronales artificiales},
  author={Acevedo, Eder and Serna, Alexei and Serna, Edgar},
  journal={Desarrollo e innovaci{\'o}n en ingenier{\'\i}a},
  volume={173},
  year={2017}
}
@book{pythonmachine,
  title={Python Machine Learning},
  author={Sebastian Raschka and Vahid Mirjalili},
  year={2019},
  publisher={Marcombo}
}
@article{marques2017nivel,
  title={Nivel de importancia del control interno de los inventarios dentro del marco conceptual de una empresa},
  author={Marqu{\'e}s, Ana Ortega and Dom{\'\i}nguez, Sandy Patricia Padilla and Dur{\'a}n, Johana Isabel Torres and G{\'o}mez, Alexander Ruz},
  journal={Liderazgo estrat{\'e}gico},
  volume={7},
  number={1},
  pages={71--82},
  year={2017}
}
@article{nacelle2009redes,
  title={Redes neuronales artificiales},
  author={Nacelle, Andres and Mizraji, E},
  journal={N{\'u}cleo de ingenier{\'\i}a biom{\'e}dica--Universidad de la Republica Uruguay},
  year={2009}
}
@article{basogain2008redes,
  title={Redes neuronales artificiales y sus aplicaciones},
  author={Basogain, Xavier},
  journal={Dpto. Ingenier{\'\i}a de Sistemas y Autom{\'a}tica, Escuela Superior de Ingenier{\'\i}a Bilbao. Open Course Ware.[En l{\'\i}nea] disponible en http://ocw. ehu. es/ensenanzas-tecnicas/redes-neuronales-artificiales-y-sus-aplicaciones/Course\_ listing.[Consultada 20-09-2012]},
  year={2008}
}
@book{mirjalili2020python,
  title={Python machine learning},
  author={Mirjalili, Vahid and Raschka, Sebastian},
  year={2020},
  publisher={Marcombo}
}
@book{perez2007mineria,
  title={Miner{\'\i}a de datos. T{\'e}cnicas y herramientas: t{\'e}cnicas y herramientas},
  author={P{\'e}rez L{\'o}pez, C{\'e}sar and Santin Gonz{\'a}lez, Daniel},
  year={2007},
  publisher={Ediciones Paraninfo, SA}
}
@article{martinez2001mineria,
  title={Miner{\'\i}a de datos},
  author={Mart{\'\i}nez, Beatriz Beltr{\'a}n},
  journal={C{\'o}mo hallar una aguja en un pajar. Ingenier{\'\i}as},
  volume={14},
  number={53},
  pages={53--66},
  year={2001}
}
@book{diez2001introduccion,
  title={Introducci{\'o}n a la inteligencia artificial: sistemas expertos, redes neuronales artificiales y computaci{\'o}n evolutiva},
  author={D{\'\i}ez, Ra{\'u}l Pino and G{\'o}mez, Alberto G{\'o}mez and de Abajo Mart{\'\i}nez, Nicol{\'a}s},
  year={2001},
  publisher={Universidad de oviedo}
}
@article{sanchez2015maquinas,
  title={M{\'a}quinas de soporte vectorial y redes neuronales artificiales en la predicci{\'o}n del movimiento USD/COP spot intradiario.},
  author={S{\'a}nchez Anzola, Nicol{\'a}s},
  journal={ODEON-Observatorio de Econom{\'\i}a y Operaciones Num{\'e}ricas},
  number={9},
  year={2015}
}
@article{tomas2023prediccion,
  title={Predicci{\'o}n del ciclo solar 25 mediante modelos ARIMA y redes neuronales LSTM},
  author={Tomas, Samuel and Saavedra, Oliver and Espinoza, Israel},
  journal={Revista de la Academia Colombiana de Ciencias Exactas, F{\'\i}sicas y Naturales},
  year={2023}
}
@article{fernandez2021estimacion,
  title={Estimaci{\'o}n adelantada del crecimiento regional mediante redes neuronales LSTM},
  author={Fern{\'a}ndez, Juan Jos{\'e} De Lucio},
  journal={Investigaciones Regionales= Journal of Regional Research},
  number={49},
  pages={45--64},
  year={2021},
  publisher={Asociaci{\'o}n Espa{\~n}ola de Ciencia Regional}
}
@article{herrera2020prediccion,
  title={Predicci{\'o}n para el mercado de acciones con redes neuronales LSTM},
  author={Herrera Cofre, Dennys Fabian and others},
  year={2020},
  publisher={Universidad de Bogot{\'a} Jorge Tadeo Lozano}
}
@book{nava2015procesamiento,
  title={Procesamiento de series de tiempo},
  author={Nava, F Alejandro},
  year={2015},
  publisher={Fondo de cultura econ{\'o}mica}
}
@article{de2014aprendizaje,
  title={El aprendizaje profundo para la identificaci{\'o}n de sistemas no lineales},
  author={De la Rosa Montero, E},
  journal={Centro de Investigaci{\'o}n y de estudios avanzados del Instituto Polit{\'e}cnico nacional},
  year={2014}
}
@article{romero2021prediccion,
  title={Predicci{\'o}n de ventas futuras},
  author={Romero Miranda, Jimmy Alexander and Lizcano Portilla, V{\'\i}ctor Alberto and others},
  year={2021},
  publisher={Medell{\'\i}n}
}
@article{pose2009introduccion,
  title={Introducci{\'o}n a las redes de neuronas artificiales},
  author={Pose, M Gestal},
  journal={Departamento de Tecnolog{\'\i}as de la Informaci{\'o}n y las Comunicaciones. Universidad da Coru{\~n}a},
  year={2009}
}
@techreport{arana2021redes,
  title={Redes neuronales recurrentes: An{\'a}lisis de los modelos especializados en datos secuenciales},
  author={Arana, Carlos},
  year={2021},
  institution={Serie Documentos de Trabajo}
}
@mastersthesis{montesdeoca2016estudios,
  title={Estudios de predicci{\'o}n en series temporales de datos meteorol{\'o}gicos utilizando redes neuronales recurrentes},
  author={Montesdeoca Santana, Besay},
  type={{B.S.} thesis},
  year={2016}
}
@article{martinez2013tecnicas,
  title={T{\'e}cnicas de modelado de procesos de ETL: una revisi{\'o}n de alternativas y su aplicaci{\'o}n en un proyecto de desarrollo de una soluci{\'o}n de BI},
  author={Mart{\'\i}nez, Alexander Bustamante and Lista, Ernesto Amaru Galvis and Fl{\'o}rez, Luis Carlos G{\'o}mez},
  journal={Scientia et technica},
  volume={18},
  number={1},
  pages={185--191},
  year={2013},
  publisher={Universidad Tecnol{\'o}gica de Pereira}
}
@article{sepulveda2023analisis,
  title={An{\'a}lisis predictivo de demanda de servicios bajo series temporales},
  author={Sep{\'u}lveda Calle, Carlos Andr{\'e}s and Benavides Posso, Milton Tarsicio},
  year={2023},
  publisher={Medell{\'\i}n, Colombia}
}
@article{chang2023comparacion,
  title={Comparaci{\'o}n de t{\'e}cnicas de estimaci{\'o}n basadas en machine learning para predecir costos en los planes de adquisiciones de las entidades p{\'u}blicas del Per{\'u}},
  author={Chang Hidalgo, Haward Miguel},
  year={2023},
  publisher={Universidad Se{\~n}or de Sip{\'a}n}
}
@article{SIMITSIS200822,
title = {A method for the mapping of conceptual designs to logical blueprints for ETL processes},
journal = {Decision Support Systems},
volume = {45},
number = {1},
pages = {22-40},
year = {2008},
note = {Data Warehousing and OLAP},
issn = {0167-9236},
doi = {https://doi.org/10.1016/j.dss.2006.12.002},
url = {https://www.sciencedirect.com/science/article/pii/S0167923606002065},
author = {Alkis Simitsis and Panos Vassiliadis},
keywords = {ETL, Conceptual modeling, Logical modeling, Data warehouses},
abstract = {Extraction–Transformation–Loading (ETL) tools are pieces of software responsible for the extraction of data from several sources, their cleansing, customization and insertion into a data warehouse. In previous work, we presented a modeling framework for ETL processes comprised of a conceptual model that concretely deals with the early stages of a data warehouse project, and a logical model that deals with the definition of data-centric workflows. In this paper, we describe the mapping of the conceptual model to the logical model. First, we identify how conceptual entities are mapped to logical entities. Next, we determine the execution order in the logical workflow using information adapted from the conceptual model. Finally, we provide a method for the transition from the conceptual model to the logical model.}
}
@article{villarroel2013incorporacion,
  title={Incorporaci{\'o}n de seguridad en el modelado conceptual de procesos extracci{\'o}n-transformaci{\'o}n-carga},
  author={Villarroel, Rodolfo H and G{\'o}mez, Yessica M and Krause, Constanza B},
  journal={Informaci{\'o}n tecnol{\'o}gica},
  volume={24},
  number={6},
  pages={101--110},
  year={2013},
  publisher={SciELO Chile}
}